@book{buyya2016internet,
  title={Internet of Things: Principles and paradigms},
  author={Buyya, Rajkumar and Dastjerdi, Amir Vahid},
  year={2016},
  publisher={Elsevier}
}

@book{obaidat2015modeling,
  title={Modeling and simulation of computer networks and systems: Methodologies and applications},
  author={Obaidat, Mohammad S and Zarai, Faouzi and Nicopolitidis, Petros},
  year={2015},
  publisher={Morgan Kaufmann}
}

@book{rodrigues2020advances,
  title={Advances in delay-tolerant networks (DTNs): Architecture and enhanced performance},
  author={Rodrigues, Joel JPC},
  year={2020},
  publisher={Woodhead Publishing}
}

@book{obaidat2016smart,
  title={Smart cities and homes: Key enabling technologies},
  author={Obaidat, Mohammad and Nicopolitidis, Petros},
  year={2016},
  publisher={Morgan Kaufmann}
}

@book{paul2016intelligent,
  title={Intelligent vehicular networks and communications: fundamentals, architectures and solutions},
  author={Paul, Anand and Chilamkurti, Naveen and Daniel, Alfred and Rho, Seungmin},
  year={2016},
  publisher={Elsevier}
}

@book{paar2009understanding,
  title={Understanding cryptography: a textbook for students and practitioners},
  author={Paar, Christof and Pelzl, Jan},
  year={2009},
  publisher={Springer Science \& Business Media}
}

@article{shrestha2020new,
  title={A new type of blockchain for secure message exchange in VANET},
  author={Shrestha, Rakesh and Bajracharya, Rojeena and Shrestha, Anish P and Nam, Seung Yeob},
  journal={Digital communications and networks},
  volume={6},
  number={2},
  pages={177--186},
  year={2020},
  publisher={Elsevier}
}

@article{efanov2018all,
  title={The all-pervasiveness of the blockchain technology},
  author={Efanov, Dmitry and Roschin, Pavel},
  journal={Procedia computer science},
  volume={123},
  pages={116--121},
  year={2018},
  publisher={Elsevier}
}

@article{alharby2020blocksim,
  title={Blocksim: An extensible simulation tool for blockchain systems},
  author={Alharby, Maher and van Moorsel, Aad},
  journal={Frontiers in Blockchain},
  volume={3},
  pages={28},
  year={2020},
  publisher={Frontiers}
}

@misc{blockchain_types,
  title = {Types of Blockchain: Public, Private, or Something in Between},
  author = {Kathleen E. Wegrzyn, Eugenia Wang}, 
  year = {2021}, 
  month = {August}, 
  howpublished = {\url{https://www.foley.com/en/insights/publications/2021/08/types-of-blockchain-public-private-between}},
  note = {Accessed: Oct. 2021}
}

@misc{blockchain_gen,
  title = {The Four Blockchain Generations},
  author = {Stephan Cummings}, 
  year = {2019}, 
  month = {February}, 
  howpublished = {\url{https://medium.com/the-capital/the-four-blockchain-generations-5627ef666f3b}},
  publisher = {ALTCOIN MAGAZINE}, 
  note = {Accessed: Nov. 2021}
}

@misc{cloudref1,
  title = {What is the cloud? | Cloud definition},
  author = { - }, 
  howpublished = {\url{https://www.cloudflare.com/}},
  note = {Accessed: Nov. 2021}
}

@misc{cloudref2,
  title = {Comparing Cloud Models: IaaS, PaaS, SaaS},
  author = {Elvis Plesky}, 
  year = {2019}, 
  month = {October}, 
  howpublished = {\url{https://www.plesk.com/}},
  note = {Accessed: Nov. 2021}
}

@misc{fogref,
  title = {Fog Computing Architecture},
  author = {Priya Pedamkar}, 
  howpublished = {\url{https://www.educba.com/fog-computing-architecture/}},
  note = {Accessed: Nov. 2021}
}

@misc{oburef,
  title = {A Flexible V2X OBU (On-Board Unit)},
  author = { - }, 
  howpublished = {\url{https://www.unex.com.tw/obu/}},
  note = {Accessed: Feb. 2022}
}

@misc{rsuref,
  title = {A Rugged, V2X RSU (Roadside Unit)},
  author = { - }, 
  howpublished = {\url{https://www.unex.com.tw/rsu/}},
  note = {Accessed: Feb. 2022}
}

@article{singh2020computational,
  title={Computational Methods and Data Engineering},
  author={Singh, Vijendra and Asari, Vijayan K and Kumar, Sanjay and Patel, RB},
  journal={Proceedings of the ICMDE},
  year={2020},
  publisher={Springer}
}

@article{saini2015close,
  title={How close are we to realizing a pragmatic VANET solution? A meta-survey},
  author={Saini, Mukesh and Alelaiwi, Abdulhameed and Saddik, Abdulmotaleb El},
  journal={ACM Computing Surveys (CSUR)},
  volume={48},
  number={2},
  pages={1--40},
  year={2015},
  publisher={ACM New York, NY, USA}
}

@incollection{petracca2013board,
  title={On-Board Unit hardware and software design for Vehicular Ad-hoc Networks},
  author={Petracca, Matteo and Pagano, Paolo and Pelliccia, Riccardo and Ghibaudi, Marco and Salvadori, Claudio and Nastasi, Christian},
  booktitle={Roadside Networks for Vehicular Communications: Architectures, Applications, and Test Fields},
  pages={38--56},
  year={2013},
  publisher={IGI Global}
}

@article{bouk2015hybrid,
  title={Hybrid adaptive beaconing in vehicular ad hoc networks: a survey},
  author={Bouk, Safdar Hussain and Kim, Gwanghyeon and Ahmed, Syed Hassan and Kim, Dongkyun},
  journal={International Journal of Distributed Sensor Networks},
  volume={11},
  number={5},
  pages={390360},
  year={2015},
  publisher={SAGE Publications Sage UK: London, England}
}

@incollection{alani2014guide,
	title={OSI model},
	author={Alani, Mohammed M},
	booktitle={Guide to OSI and TCP/IP Models},
	pages={5--17},
	year={2014},
	publisher={Springer}
}

@misc{omnet_sim,
  title = {OMNET++ SimulationManual},
  author = { - }, 
  howpublished = {\url{https://doc.omnetpp.org/omnetpp/SimulationManual.pdf}},
  note = {Accessed: Nov. 2021}
}

@misc{osgearth,
  title = {osgEarth - 3D Mapping Engine \& C++ SDK},
  author = {Glenn}, 
  year = {2020 }, 
  publisher = {Pelican Mapping}, 
  howpublished = {\url{http://docs.osgearth.org/en/latest/}},
  note = {Accessed: Nov. 2021}
}

@misc{openscenegraph,
  title = {OpenSceneGraph},
  author = { - }, 
  howpublished = {\url{http://www.openscenegraph.org/index.php/documentation}},
  note = {Accessed: Nov. 2021}
}

@incollection{sommer2019veins,
  title={Veins: The open source vehicular network simulation framework},
  author={Sommer, Christoph and Eckhoff, David and Brummer, Alexander and Buse, Dominik S and Hagenauer, Florian and Joerer, Stefan and Segata, Michele},
  booktitle={Recent advances in network simulation},
  pages={215--252},
  year={2019},
  publisher={Springer}
}

@misc{sumo,
  title = {Simulation of User MObility - SUMO},
  author = { - }, 
  howpublished = {\url{https://sumo.dlr.de/docs/}},
  note = {Accessed: Nov. 2021}
}

@article{qayyum2018fognetsim++,
  title={FogNetSim++: A toolkit for modeling and simulation of distributed fog environment},
  author={Qayyum, Tariq and Malik, Asad Waqar and Khattak, Muazzam A Khan and Khalid, Osman and Khan, Samee U},
  journal={IEEE Access},
  volume={6},
  pages={63570--63583},
  year={2018},
  publisher={IEEE}
}

@article{vigano2006automated,
  title={Automated security protocol analysis with the AVISPA tool},
  author={Vigano, Luca},
  journal={Electronic Notes in Theoretical Computer Science},
  volume={155},
  pages={61--86},
  year={2006},
  publisher={Elsevier}
}

@article{paper1,
  title={A lightweight anonymous cross-regional mutual authentication scheme using blockchain technology for internet of vehicles},
  author={Meng, Xiangwei and Xu, Jianbo and Liang, Wei and Xu, Zisang and Li, Kuan-Ching},
  journal={Computers \& Electrical Engineering},
  volume={95},
  pages={107431},
  year={2021},
  publisher={Elsevier}
}

@inproceedings{paper2,
  title={Efficient distributed admission and revocation using blockchain for cooperative its},
  author={Lasla, Noureddine and Younis, Mohamed and Znaidi, Wassim and Arbia, Dhafer Ben},
  booktitle={2018 9th IFIP international conference on new technologies, mobility and security (NTMS)},
  pages={1--5},
  year={2018},
  organization={IEEE}
}

@article{paper3,
  title={An improved authentication scheme for internet of vehicles based on blockchain technology},
  author={Wang, Xiaoliang and Zeng, Pengjie and Patterson, Nick and Jiang, Frank and Doss, Robin},
  journal={IEEE access},
  volume={7},
  pages={45061--45072},
  year={2019},
  publisher={IEEE}
}

@article{paper4,
  title={Blockchain: A distributed solution to automotive security and privacy},
  author={Dorri, Ali and Steger, Marco and Kanhere, Salil S and Jurdak, Raja},
  journal={IEEE Communications Magazine},
  volume={55},
  number={12},
  pages={119--125},
  year={2017},
  publisher={IEEE}
}

@article{paper5,
  title={Blockchain-based internet of vehicles: Distributed network architecture and performance analysis},
  author={Jiang, Tigang and Fang, Hua and Wang, Honggang},
  journal={IEEE Internet of Things Journal},
  volume={6},
  number={3},
  pages={4640--4649},
  year={2018},
  publisher={IEEE}
}

@article{paper6,
  title={Blockchain-Driven Trusted Data Sharing With Privacy Protection in IoT Sensor Network},
  author={Ma, Zhaofeng and Wang, Lingyun and Zhao, Weizhe},
  journal={IEEE Sensors Journal},
  volume={21},
  number={22},
  pages={25472--25479},
  year={2020},
  publisher={IEEE}
}

@article{paper7,
  title={A scalable protocol for driving trust management in internet of vehicles with blockchain},
  author={Javaid, Uzair and Aman, Muhammad Naveed and Sikdar, Biplab},
  journal={IEEE Internet of Things Journal},
  volume={7},
  number={12},
  pages={11815--11829},
  year={2020},
  publisher={IEEE}
}

@article{paper8,
  title={A Blockchain-Based Multi-Factor Authentication Model for a Cloud-Enabled Internet of Vehicles},
  author={Kebande, Victor R and Awaysheh, Feras M and Ikuesan, Richard A and Alawadi, Sadi A and Alshehri, Mohammad Dahman},
  journal={Sensors},
  volume={21},
  number={18},
  pages={6018},
  year={2021},
  publisher={Multidisciplinary Digital Publishing Institute}
}

@article{paper9,
  title={Enhanced iov security network by using blockchain governance game},
  author={Kim, Song-Kyoo Amang},
  journal={Mathematics},
  volume={9},
  number={2},
  pages={109},
  year={2021},
  publisher={Multidisciplinary Digital Publishing Institute}
}

@inproceedings{paper10,
  title={Implementing blockchain technology in the Internet of Vehicle (IoV)},
  author={Labrador, Mirador and Hou, Weiyan},
  booktitle={2019 International Conference on Intelligent Computing and its Emerging Applications (ICEA)},
  pages={5--10},
  year={2019},
  organization={IEEE}
}

@article{paper11,
  title={EASBF: An efficient authentication scheme over blockchain for fog computing-enabled internet of vehicles},
  author={Eddine, Merzougui Salah and Ferrag, Mohamed Amine and Friha, Othmane and Maglaras, Leandros},
  journal={Journal of Information Security and Applications},
  volume={59},
  pages={102802},
  year={2021},
  publisher={Elsevier}
}

@article{paper12,
  title={Blockchain meets VANET: An architecture for identity and location privacy protection in VANET},
  author={Li, Hui and Pei, Lishuang and Liao, Dan and Sun, Gang and Xu, Du},
  journal={Peer-to-Peer Networking and Applications},
  volume={12},
  number={5},
  pages={1178--1193},
  year={2019},
  publisher={Springer}
}

@inproceedings{paper13,
  title={Hybrid cryptographic protocol for secure vehicle data sharing over a consortium blockchain},
  author={Brousmiche, Kei Leo and Durand, Antoine and Heno, Thomas and Poulain, Christian and Dalmieres, Antoine and Hamida, Elyes Ben},
  booktitle={2018 IEEE International Conference on Internet of Things (iThings) and IEEE Green Computing and Communications (GreenCom) and IEEE Cyber, Physical and Social Computing (CPSCom) and IEEE Smart Data (SmartData)},
  pages={1281--1286},
  year={2018},
  organization={IEEE}
}

@article{paper14,
  title={A security scheme based on blockchain and a hybrid cryptosystem to reduce packet loss in IoV},
  author={Chung, Won Jin and Cho, Tae Ho},
  journal={International Journal of Advanced Technology and Engineering Exploration},
  volume={8},
  number={81},
  pages={945},
  year={2021},
  publisher={Accent Social and Welfare Society}
}

@article{paper15,
  title={A secure and computationally efficient authentication and key agreement scheme for Internet of Vehicles},
  author={Xu, Zisang and Li, Xiong and Xu, Jianbo and Liang, Wei and Choo, Kim-Kwang Raymond},
  journal={Computers \& Electrical Engineering},
  volume={95},
  pages={107409},
  year={2021},
  publisher={Elsevier}
}

@article{paper16,
  title={Blockchain-based multimedia sharing in vehicular social networks with privacy protection},
  author={Shi, Kexin and Zhu, Liehuang and Zhang, Can and Xu, Lei and Gao, Feng},
  journal={Multimedia Tools and Applications},
  volume={79},
  number={11},
  pages={8085--8105},
  year={2020},
  publisher={Springer}
}